<record xmlns='http://www.loc.gov/MARC21/slim'><leader>01250ccm a2200313   4500</leader><controlfield tag='001'>9914141453506421</controlfield><controlfield tag='005'>20200803230550.0</controlfield><controlfield tag='008'>741028s1973    gw snz         n         </controlfield><datafield ind1=' ' ind2=' ' tag='010'><subfield code='a'>   74211217  </subfield></datafield><datafield ind1=' ' ind2=' ' tag='035'><subfield code='a'>(OCoLC)ocm01058581</subfield></datafield><datafield ind1=' ' ind2=' ' tag='035'><subfield code='9'>CEF8507TS</subfield></datafield><datafield ind1=' ' ind2=' ' tag='035'><subfield code='a'>1414145</subfield></datafield><datafield ind1=' ' ind2=' ' tag='035'><subfield code='a'>(NjP)1414145-princetondb</subfield></datafield><datafield ind1=' ' ind2=' ' tag='040'><subfield code='a'>DLC</subfield><subfield code='c'>PAU</subfield><subfield code='d'>OCL</subfield><subfield code='d'>ENG</subfield><subfield code='d'>PUL</subfield></datafield><datafield ind1='0' ind2=' ' tag='041'><subfield code='g'>gerengfre</subfield></datafield><datafield ind1=' ' ind2=' ' tag='048'><subfield code='a'>ka01</subfield></datafield><datafield ind1='0' ind2=' ' tag='050'><subfield code='a'>M23</subfield><subfield code='b'>.L774 B min., 1973</subfield></datafield><datafield ind1='1' ind2=' ' tag='100'><subfield code='a'>Liszt, Franz,</subfield><subfield code='d'>1811-1886.</subfield><subfield code='0'>http://id.loc.gov/authorities/names/n79079048</subfield></datafield><datafield ind1='1' ind2='0' tag='240'><subfield code='a'>Sonatas,</subfield><subfield code='m'>piano,</subfield><subfield code='r'>B minor</subfield></datafield><datafield ind1='0' ind2='0' tag='245'><subfield code='a'>Sonate h-moll,</subfield><subfield code='c'>nach dem Autograph und der Erstausg. Hrsg. von Ernst Herttrich. Fingersatz von Hans-Martin Theopold.</subfield></datafield><datafield ind1=' ' ind2=' ' tag='260'><subfield code='a'>München,</subfield><subfield code='b'>G. Henle Verlag</subfield><subfield code='c'>[1973]</subfield></datafield><datafield ind1=' ' ind2=' ' tag='300'><subfield code='a'>39 p.</subfield><subfield code='c'>32 cm.</subfield></datafield><datafield ind1=' ' ind2=' ' tag='500'><subfield code='a'>Pref. in German, English, and French.</subfield></datafield><datafield ind1=' ' ind2='0' tag='650'><subfield code='a'>Sonatas (Piano)</subfield><subfield code='0'>http://id.loc.gov/authorities/subjects/sh85124927</subfield></datafield><datafield ind1=' ' ind2='7' tag='655'><subfield code='a'>Sonatas.</subfield><subfield code='2'>lcgft</subfield><subfield code='0'>http://id.loc.gov/authorities/genreForms/gf2014027099</subfield></datafield><datafield ind1=' ' ind2='7' tag='655'><subfield code='a'>Sonatas.</subfield><subfield code='2'>lcgft</subfield><subfield code='0'>http://id.loc.gov/authorities/genreForms/gf2014027099</subfield></datafield><datafield ind1='1' ind2=' ' tag='700'><subfield code='a'>Herttrich, Ernst,</subfield><subfield code='d'>1942-</subfield><subfield code='0'>http://id.loc.gov/authorities/names/n81047600</subfield></datafield><datafield ind1='1' ind2=' ' tag='700'><subfield code='a'>Theopold, Hans-Martin.</subfield><subfield code='0'>http://id.loc.gov/authorities/names/n78015433</subfield></datafield><datafield ind1=' ' ind2=' ' tag='947'><subfield code='a'>CEF8507</subfield></datafield><datafield ind1=' ' ind2=' ' tag='911'><subfield code='a'>19990326</subfield></datafield><datafield ind1=' ' ind2=' ' tag='INT'><subfield code='a'>P</subfield></datafield><datafield ind1=' ' ind2=' ' tag='INST'><subfield code='a'>01PRI_INST</subfield></datafield><datafield ind1=' ' ind2=' ' tag='AVA'><subfield code='0'>9914141453506421</subfield><subfield code='8'>22242009000006421</subfield><subfield code='a'>01PRI_INST</subfield><subfield code='b'>annex</subfield><subfield code='c'>Stacks</subfield><subfield code='d'>Oversize M23.L5S6 1973q</subfield><subfield code='e'>available</subfield><subfield code='f'>1</subfield><subfield code='g'>0</subfield><subfield code='j'>stacks</subfield><subfield code='k'>0</subfield><subfield code='p'>1</subfield><subfield code='q'>Forrestal Annex</subfield></datafield><datafield ind1=' ' ind2=' ' tag='AVA'><subfield code='0'>9914141453506421</subfield><subfield code='8'>22242008800006421</subfield><subfield code='a'>01PRI_INST</subfield><subfield code='b'>annex</subfield><subfield code='c'>Stacks</subfield><subfield code='d'>Oversize M23.L5S6 1973q</subfield><subfield code='e'>available</subfield><subfield code='f'>1</subfield><subfield code='g'>0</subfield><subfield code='j'>stacks</subfield><subfield code='k'>0</subfield><subfield code='p'>2</subfield><subfield code='q'>Forrestal Annex</subfield></datafield><datafield ind1=' ' ind2=' ' tag='AVA'><subfield code='0'>9914141453506421</subfield><subfield code='8'>22242008880006421</subfield><subfield code='a'>01PRI_INST</subfield><subfield code='b'>annex</subfield><subfield code='c'>Stacks</subfield><subfield code='d'>Oversize M23.L5S6 1973q</subfield><subfield code='e'>available</subfield><subfield code='f'>1</subfield><subfield code='g'>0</subfield><subfield code='j'>stacks</subfield><subfield code='k'>0</subfield><subfield code='p'>3</subfield><subfield code='q'>Forrestal Annex</subfield></datafield><datafield ind1=' ' ind2=' ' tag='AVA'><subfield code='0'>9914141453506421</subfield><subfield code='8'>22242008820006421</subfield><subfield code='a'>01PRI_INST</subfield><subfield code='b'>annex</subfield><subfield code='c'>Stacks</subfield><subfield code='d'>Oversize M23.L5S6 1973q</subfield><subfield code='e'>available</subfield><subfield code='f'>1</subfield><subfield code='g'>0</subfield><subfield code='j'>stacks</subfield><subfield code='k'>0</subfield><subfield code='p'>4</subfield><subfield code='q'>Forrestal Annex</subfield></datafield><datafield ind1=' ' ind2=' ' tag='AVA'><subfield code='0'>9914141453506421</subfield><subfield code='8'>22242008850006421</subfield><subfield code='a'>01PRI_INST</subfield><subfield code='b'>annex</subfield><subfield code='c'>Stacks</subfield><subfield code='d'>Oversize M23.L5S6 1973q</subfield><subfield code='e'>available</subfield><subfield code='f'>1</subfield><subfield code='g'>0</subfield><subfield code='j'>stacks</subfield><subfield code='k'>0</subfield><subfield code='p'>5</subfield><subfield code='q'>Forrestal Annex</subfield></datafield><datafield ind1=' ' ind2=' ' tag='AVA'><subfield code='0'>9914141453506421</subfield><subfield code='8'>22242008920006421</subfield><subfield code='a'>01PRI_INST</subfield><subfield code='b'>annex</subfield><subfield code='c'>Stacks</subfield><subfield code='d'>Oversize M23.L5S6 1973q</subfield><subfield code='e'>available</subfield><subfield code='f'>1</subfield><subfield code='g'>0</subfield><subfield code='j'>stacks</subfield><subfield code='k'>0</subfield><subfield code='p'>6</subfield><subfield code='q'>Forrestal Annex</subfield></datafield><datafield ind1=' ' ind2=' ' tag='AVA'><subfield code='0'>9914141453506421</subfield><subfield code='8'>22242009040006421</subfield><subfield code='a'>01PRI_INST</subfield><subfield code='b'>annex</subfield><subfield code='c'>Stacks</subfield><subfield code='d'>Oversize M23.L5S6 1973q</subfield><subfield code='e'>available</subfield><subfield code='f'>1</subfield><subfield code='g'>0</subfield><subfield code='j'>stacks</subfield><subfield code='k'>0</subfield><subfield code='p'>7</subfield><subfield code='q'>Forrestal Annex</subfield></datafield><datafield ind1=' ' ind2=' ' tag='AVA'><subfield code='0'>9914141453506421</subfield><subfield code='8'>22242008960006421</subfield><subfield code='a'>01PRI_INST</subfield><subfield code='b'>annex</subfield><subfield code='c'>Stacks</subfield><subfield code='d'>Oversize M23.L5S6 1973q</subfield><subfield code='e'>available</subfield><subfield code='f'>1</subfield><subfield code='g'>0</subfield><subfield code='j'>stacks</subfield><subfield code='k'>0</subfield><subfield code='p'>8</subfield><subfield code='q'>Forrestal Annex</subfield></datafield><datafield ind1=' ' ind2=' ' tag='AVA'><subfield code='0'>9914141453506421</subfield><subfield code='8'>22242008940006421</subfield><subfield code='a'>01PRI_INST</subfield><subfield code='b'>annex</subfield><subfield code='c'>Stacks</subfield><subfield code='d'>Oversize M23.L5S6 1973q</subfield><subfield code='e'>available</subfield><subfield code='f'>1</subfield><subfield code='g'>0</subfield><subfield code='j'>stacks</subfield><subfield code='k'>0</subfield><subfield code='p'>9</subfield><subfield code='q'>Forrestal Annex</subfield></datafield><datafield ind1=' ' ind2=' ' tag='AVA'><subfield code='0'>9914141453506421</subfield><subfield code='8'>22242008980006421</subfield><subfield code='a'>01PRI_INST</subfield><subfield code='b'>annex</subfield><subfield code='c'>Stacks</subfield><subfield code='d'>Oversize M23.L5S6 1973q</subfield><subfield code='e'>available</subfield><subfield code='f'>1</subfield><subfield code='g'>0</subfield><subfield code='j'>stacks</subfield><subfield code='k'>0</subfield><subfield code='p'>10</subfield><subfield code='q'>Forrestal Annex</subfield></datafield><datafield ind1=' ' ind2=' ' tag='AVA'><subfield code='0'>9914141453506421</subfield><subfield code='8'>22242009020006421</subfield><subfield code='a'>01PRI_INST</subfield><subfield code='b'>mendel</subfield><subfield code='c'>Stacks</subfield><subfield code='d'>Oversize M23.L5S6 1973q</subfield><subfield code='e'>available</subfield><subfield code='f'>1</subfield><subfield code='g'>0</subfield><subfield code='j'>stacks</subfield><subfield code='k'>0</subfield><subfield code='p'>11</subfield><subfield code='q'>Mendel Music Library</subfield></datafield><datafield ind1=' ' ind2=' ' tag='AVA'><subfield code='0'>9914141453506421</subfield><subfield code='8'>22242009060006421</subfield><subfield code='a'>01PRI_INST</subfield><subfield code='b'>mendel</subfield><subfield code='c'>Stacks</subfield><subfield code='d'>Oversize M23.L5S6 1973q</subfield><subfield code='e'>available</subfield><subfield code='f'>1</subfield><subfield code='g'>0</subfield><subfield code='j'>stacks</subfield><subfield code='k'>0</subfield><subfield code='p'>12</subfield><subfield code='q'>Mendel Music Library</subfield></datafield></record>